@article{Bai2023,
    title     = {Design Strategies and Applications of Reservoir Computing: Recent Trends and Prospects [Feature]},
    volume    = {23},
    issn      = {1558-0830},
    url       = {http://dx.doi.org/10.1109/MCAS.2023.3325496},
    doi       = {10.1109/mcas.2023.3325496},
    number    = {4},
    journal   = {IEEE Circuits and Systems Magazine},
    publisher = {Institute of Electrical and Electronics Engineers (IEEE)},
    author    = {Bai,  Kang Jun and Thiem,  Clare and Lombardi,  Jack and Liang,  Yibin and Yi,  Yang},
    year      = {2023},
    pages     = {10–33}
}


@inproceedings{Grigoryeva2016,
    title     = {Time-Delay Reservoir Computers and High-Speed Information Processing Capacity},
    url       = {http://dx.doi.org/10.1109/CSE-EUC-DCABES.2016.230},
    doi       = {10.1109/cse-euc-dcabes.2016.230},
    booktitle = {2016 IEEE Intl Conference on Computational Science and Engineering (CSE) and IEEE Intl Conference on Embedded and Ubiquitous Computing (EUC) and 15th Intl Symposium on Distributed Computing and Applications for Business Engineering (DCABES)},
    publisher = {IEEE},
    author    = {Grigoryeva,  Lyudmila and Henriques,  Julie and Larger,  Laurent and Ortega,  Juan-Pablo},
    year      = {2016},
    month     = aug,
    pages     = {492–495}
}

@article{Parlitz2024,
    title     = {Learning from the past: reservoir computing using delayed variables},
    volume    = {10},
    issn      = {2297-4687},
    url       = {http://dx.doi.org/10.3389/fams.2024.1221051},
    doi       = {10.3389/fams.2024.1221051},
    journal   = {Frontiers in Applied Mathematics and Statistics},
    publisher = {Frontiers Media SA},
    author    = {Parlitz,  Ulrich},
    year      = {2024},
    month     = mar
}

@article{Ortn2015,
    title     = {A Unified Framework for Reservoir Computing and Extreme Learning Machines based on a Single Time-delayed Neuron},
    volume    = {5},
    issn      = {2045-2322},
    url       = {http://dx.doi.org/10.1038/srep14945},
    doi       = {10.1038/srep14945},
    number    = {1},
    journal   = {Scientific Reports},
    publisher = {Springer Science and Business Media LLC},
    author    = {Ortín,  S. and Soriano,  M. C. and Pesquera,  L. and Brunner,  D. and San-Martín,  D. and Fischer,  I. and Mirasso,  C. R. and Gutiérrez,  J. M.},
    year      = {2015},
    month     = oct
}

@inbook{Maass2011,
    title     = {Liquid State Machines: Motivation,  Theory,  and Applications},
    isbn      = {9781848162778},
    url       = {http://dx.doi.org/10.1142/9781848162778_0008},
    doi       = {10.1142/9781848162778_0008},
    booktitle = {Computability in Context},
    publisher = {IMPERIAL COLLEGE PRESS},
    author    = {Maass,  Wolfgang},
    year      = {2011},
    month     = feb,
    pages     = {275–296}
}

@article{Deckers2022,
    author   = {Deckers, Lucas  and Tsang, Ing Jyh  and Van Leekwijck, Werner  and Latré, Steven },
    title    = {Extended liquid state machines for speech recognition},
    journal  = {Frontiers in Neuroscience},
    volume   = {Volume 16 - 2022},
    year     = {2022},
    url      = {https://www.frontiersin.org/journals/neuroscience/articles/10.3389/fnins.2022.1023470},
    doi      = {10.3389/fnins.2022.1023470},
    issn     = {1662-453X},
    
}

@article{Gauthier2021,
  title = {Next generation reservoir computing},
  volume = {12},
  ISSN = {2041-1723},
  url = {http://dx.doi.org/10.1038/s41467-021-25801-2},
  DOI = {10.1038/s41467-021-25801-2},
  number = {1},
  journal = {Nature Communications},
  publisher = {Springer Science and Business Media LLC},
  author = {Gauthier,  Daniel J. and Bollt,  Erik and Griffith,  Aaron and Barbosa,  Wendson A. S.},
  year = {2021},
  month = sep 
}


@article{Du2017,
  title = {Reservoir computing using dynamic memristors for temporal information processing},
  volume = {8},
  ISSN = {2041-1723},
  url = {http://dx.doi.org/10.1038/s41467-017-02337-y},
  DOI = {10.1038/s41467-017-02337-y},
  number = {1},
  journal = {Nature Communications},
  publisher = {Springer Science and Business Media LLC},
  author = {Du,  Chao and Cai,  Fuxi and Zidan,  Mohammed A. and Ma,  Wen and Lee,  Seung Hwan and Lu,  Wei D.},
  year = {2017},
  month = dec 
}


@article{Hwang2025,
  title = {Multi-timescale temporal processing for ion-motion memristor-based physical reservoir computing},
  volume = {3},
  ISSN = {2666-9986},
  url = {http://dx.doi.org/10.1016/j.device.2025.100907},
  DOI = {10.1016/j.device.2025.100907},
  number = {9},
  journal = {Device},
  publisher = {Elsevier BV},
  author = {Hwang,  Su In and Yang,  Do Young and Cho,  Hyun Yeop and Yoon,  Jung Ho},
  year = {2025},
  month = sep,
  pages = {100907}
}